@book{
    shelley-1818,
    author = "Mary Wollstonecroft Shelley",
    title = "Frankenstein, or, the Modern Prometheus",
    year = "1818"
}
@misc{
	phing,
	author = "Phing",
	title = "http://www.phing.info/trac/"
}